@book{benoit2006dynamic,
  title={Dynamic bifurcations: proceedings of a conference held in Luminy, France, March 5-10, 1990},
  author={Beno{\^\i}t, Eric},
  year={2006},
  publisher={Springer}
}